% Hgg Photon ID
@article{Sirunyan:2018ouh,
  author        = {Sirunyan, A. M. and others},
  collaboration = {CMS},
  title         = {{Measurements of Higgs boson properties in the diphoton decay channel in proton-proton collisions at $\sqrt{s} =$ 13 TeV}},
  eprint        = {1804.02716},
  archiveprefix = {arXiv},
  primaryclass  = {hep-ex},
  reportnumber  = {CMS-HIG-16-040, CERN-EP-2018-060},
  doi           = {10.1007/JHEP11(2018)185},
  journal       = {JHEP},
  volume        = {11},
  pages         = {185},
  year          = {2018}
}

% data driven gamma+jets background estimation
@article{CMS:2020cga,
  author        = {Sirunyan, Albert M and others},
  collaboration = {CMS},
  title         = {{Measurements of $\mathrm{t\bar{t}}H$ Production and the CP Structure of the Yukawa Interaction between the Higgs Boson and Top Quark in the Diphoton Decay Channel}},
  eprint        = {2003.10866},
  archiveprefix = {arXiv},
  primaryclass  = {hep-ex},
  reportnumber  = {CMS-HIG-19-013, CERN-EP-2020-028},
  doi           = {10.1103/PhysRevLett.125.061801},
  journal       = {Phys. Rev. Lett.},
  volume        = {125},
  number        = {6},
  pages         = {061801},
  year          = {2020}
}

@article{Degrassi:2016wml,
  author        = {Degrassi, Giuseppe and Giardino, Pier Paolo and Maltoni, Fabio and Pagani, Davide},
  title         = {Probing the {Higgs} self coupling via single {Higgs} production at the {LHC}},
  eprint        = {1607.04251},
  archiveprefix = {arXiv},
  primaryclass  = {hep-ph},
  reportnumber  = {CP3-16-38, RM3-TH-16-8},
  doi           = {10.1007/JHEP12(2016)080},
  journal       = {JHEP},
  volume        = {12},
  pages         = {080},
  year          = {2016}
}

@article{Maltoni:2017ims,
  author        = {Maltoni, Fabio and Pagani, Davide and Shivaji, Ambresh
                   and Zhao, Xiaoran},
  title         = {{Trilinear Higgs coupling determination via single-Higgs
                   differential measurements at the LHC}},
  journal       = {Eur. Phys. J. C},
  volume        = {77},
  year          = {2017},
  pages         = {887},
  doi           = {10.1140/epjc/s10052-017-5410-8},
  eprint        = {1709.08649},
  archiveprefix = {arXiv},
  primaryclass  = {hep-ph},
  reportnumber  = {CP3-17-37, TUM-HEP-1099-17, MCNET-17-18},
  slaccitation  = {%%CITATION = ARXIV:1709.08649;%%}
}

@article{Dauncey_2015,
  author        = {Dauncey, P. D. and Kenzie, M. and Wardle, N. and Davies, G. J.},
  title         = {{Handling uncertainties in background shapes}: {the discrete profiling method}},
  eprint        = {1408.6865},
  archiveprefix = {arXiv},
  primaryclass  = {physics.data-an},
  doi           = {10.1088/1748-0221/10/04/P04015},
  journal       = {JINST},
  volume        = {10},
  number        = {04},
  pages         = {P04015},
  year          = {2015}
}
