--- COMMENTS may be placed outside the @ENTRYTYPE{ ... } stuctures
--- CMS guidelines
---- Every journal article citation should include the DOI, assuming one exists.
---- All URLs for CMS notes, ANs, etc, should refer to the CDS server, not the CMS server. Use our standard format for them, as show in the old svn documentation.
----  CMS Notes not available on CDS are regarded as private and may not be cited.
----  CMS physics papers (i.e., those intended for publication in journals) may reference only POG PASs, not PAG PASs.
---- For papers by collaborations, list the collaboration in the COLLABOROATION field and put the first author and "and others" in the AUTHOR field.
----  If only the collaboration is listed as the author, put "{XXX Collaboration}" under AUTHOR.
----  Note that we automatically replace the AUTHOR field with the collaboration name for ATLAS, CMS, LHCb, and ATLAS at submission time. Please don't remove the
----  "First Author and others" in the AUTHOR field.
---- Other items:
----   PAGES: Please only list the first page, not the range.
----   ISSUE: Please do not include in most cases.
----   URL: Do not include this field if a DOI is available.
---- Number of authors to list:
----   PRL requests that we include all authors up to fifteen except for large collaborations, and we take this as our internal guide as well. If there
----   are more than fifteen, just list the first author + "and others", as above.
----   The individual journal bib style file (theirs, ours, PLB, etc.) will truncate at the appropriate point. We have ours set to _1_ for more than four.
---- Use only the URL field instead of embedding an href.
---- A reference only published on the arXiv should be listed as UNPUBLISHED (with a note "Submitted to XXX" for large collaboration papers).
----   Experimental papers only on the arXiv and not submitted for publication may not be cited.
---- Some journals (and us) will lowercase the title: use {} to protect words which must be capitalized, e.g., {LHC}, {TeV}, {CERN}, {CMS}.
----  Do not escape the entire title as it will then clash with the journal style.
---- Journal names: the journals generally include the series in the journal name, "Physical Review D", vol 5, rather than PR D5
---- >>> Please use the --preview option with the tdr script to perform a simple-minded reference check before uploading. This requires python.

@article{Frixione:2007vw,
      author         = "Frixione, Stefano and Nason, Paolo and Oleari, Carlo",
      title          = "{Matching NLO QCD computations with parton shower
                        simulations: the POWHEG method}",
      journal        = "JHEP",
      volume         = "11",
      pages          = "070",
      doi            = "10.1088/1126-6708/2007/11/070",
      year           = "2007",
      eprint         = "0709.2092",
      archivePrefix  = "arXiv",
      primaryClass   = "hep-ph",
      reportNumber   = "BICOCCA-FT-07-9, GEF-TH-21-2007",
      SLACcitation   = "%%CITATION = ARXIV:0709.2092;%%",
}

@Article{Khachatryan:2015cwa,
      author         = "Khachatryan, Vardan and others",
      title          = "{Search for a Higgs Boson in the Mass Range from 145 to
                        1000 GeV Decaying to a Pair of W or Z Bosons}",
      collaboration  = "CMS",
      journal        = "JHEP",
      volume         = "10",
      year           = "2015",
      pages          = "144",
      doi            = "10.1007/JHEP10(2015)144",
      eprint         = "1504.00936",
      archivePrefix  = "arXiv",
      primaryClass   = "hep-ex",
      reportNumber   = "CMS-HIG-13-031, CERN-PH-EP-2015-074"
}

@Article{Khachatryan:2015mma,
      author         = "Khachatryan, Vardan and others",
      title          = "{Limits on the Higgs boson lifetime and width from its
                        decay to four charged leptons}",
      collaboration  = "CMS",
      journal        = "Phys. Rev.",
      volume         = "D92",
      year           = "2015",
      number         = "7",
      pages          = "072010",
      doi            = "10.1103/PhysRevD.92.072010",
      eprint         = "1507.06656",
      archivePrefix  = "arXiv",
      primaryClass   = "hep-ex",
      reportNumber   = "CMS-HIG-14-036, CERN-PH-EP-2015-159"
}
@article{Bagnaschi:2011tu,
       author         = "Bagnaschi, E. and Degrassi, G. and Slavich, P. and
                         Vicini, A.",
       title          = "{Higgs production via gluon fusion in the POWHEG approach
                         in the SM and in the MSSM}",
       journal        = "JHEP",
       volume         = "02",
       pages          = "088",
       doi            = "10.1007/JHEP02(2012)088",
       year           = "2012",
       eprint         = "1111.2854",
       archivePrefix  = "arXiv",
       primaryClass   = "hep-ph",
       reportNumber   = "RM3-TH-11-5, IFUM-990-FT",
       SLACcitation   = "%%CITATION = ARXIV:1111.2854;%%",
 }

@article{Nason:2009ai,
      author         = "Nason, Paolo and Oleari, Carlo",
      title          = "{NLO Higgs boson production via vector-boson fusion
                        matched with shower in POWHEG}",
      journal        = "JHEP",
      volume         = "02",
      pages          = "037",
      doi            = "10.1007/JHEP02(2010)037",
      year           = "2010",
      eprint         = "0911.5299",
      archivePrefix  = "arXiv",
      primaryClass   = "hep-ph",
      SLACcitation   = "%%CITATION = ARXIV:0911.5299;%%",
}

@article{Nason:2004rx,
      author         = "Nason, Paolo",
      title          = "{A New method for combining NLO QCD with shower Monte
                        Carlo algorithms}",
      journal        = "JHEP",
      volume         = "11",
      year           = "2004",
      pages          = "040",
      doi            = "10.1088/1126-6708/2004/11/040",
      eprint         = "hep-ph/0409146",
      archivePrefix  = "arXiv",
      primaryClass   = "hep-ph",
      reportNumber   = "BICOCCA-FT-04-11",
      SLACcitation   = "%%CITATION = HEP-PH/0409146;%%"
}

@article{Alioli:2010xd,
      author         = "Alioli, Simone and Nason, Paolo and Oleari, Carlo and Re,
                        Emanuele",
      title          = "{A general framework for implementing NLO calculations in
                        shower Monte Carlo programs: the POWHEG BOX}",
      journal        = "JHEP",
      volume         = "06",
      year           = "2010",
      pages          = "043",
      doi            = "10.1007/JHEP06(2010)043",
      eprint         = "1002.2581",
      archivePrefix  = "arXiv",
      primaryClass   = "hep-ph",
      reportNumber   = "DESY-10-018, SFB-CPP-10-22, IPPP-10-11, DCPT-10-22",
      SLACcitation   = "%%CITATION = ARXIV:1002.2581;%%"
}

@article{Bolognesi:2012mm,
      author         = "Bolognesi, Sara and Gao, Yanyan and Gritsan, Andrei V.
                        and Melnikov, Kirill and Schulze, Markus and Tran, Nhan V. and Whitbeck, Andrew",
      title          = "{Spin and parity of a single-produced resonance at
                        the LHC}",
      journal        = "Phys. Rev. D",
      volume         = "86",
      pages          = "095031",
      doi            = "10.1103/PhysRevD.86.095031",
      year           = "2012",
      eprint         = "1208.4018",
      archivePrefix  = "arXiv",
      primaryClass   = "hep-ph",
      reportNumber   = "ANL-HEP-PR-12-62, FERMILAB-PUB-12-475-PPD",
      SLACcitation   = "%%CITATION = ARXIV:1208.4018;%%",
}

@article{Gritsan:2016hjl,
      author         = "Gritsan, Andrei V. and Roentsch, Raoul and Schulze, Markus and Xiao, Meng",
      title          = "{Constraining anomalous Higgs boson couplings to the
                        heavy flavor fermions using matrix element techniques}",
      journal        = "Phys. Rev. D",
      volume         = "94",
      year           = "2016",
         pages          = "055023",
      doi            = "10.1103/PhysRevD.94.055023",
      eprint         = "1606.03107",
      archivePrefix  = "arXiv",
      primaryClass   = "hep-ph",
      reportNumber   = "TTP16-020, CERN-TH-2016-135",
      SLACcitation   = "%%CITATION = ARXIV:1606.03107;%%"
}

@article{Sirunyan:2017ulk,
    author = "Sirunyan, A. M. and others",
    collaboration = "CMS",
    title = "{Particle-flow reconstruction and global event description with the CMS detector}",
    eprint = "1706.04965",
    archivePrefix = "arXiv",
    primaryClass = "physics.ins-det",
    reportNumber = "CMS-PRF-14-001, CERN-EP-2017-110",
    doi = "10.1088/1748-0221/12/10/P10003",
    journal = "JINST",
    volume = "12",
    number = "10",
    pages = "P10003",
    year = "2017"
}

@article{Chatrchyan:2014fea,
    author = "Chatrchyan, Serguei and others",
    collaboration = "CMS",
    title = "{Description and performance of track and primary-vertex reconstruction with the CMS tracker}",
    eprint = "1405.6569",
    archivePrefix = "arXiv",
    primaryClass = "physics.ins-det",
    reportNumber = "CMS-TRK-11-001, CERN-PH-EP-2014-070",
    doi = "10.1088/1748-0221/9/10/P10009",
    journal = "JINST",
    volume = "9",
    number = "10",
    pages = "P10009",
    year = "2014"
}

@Article{antikt,
     author    = "Cacciari, Matteo and Salam, Gavin P. and Soyez, Gregory",
     title     = "{The anti-$\kt$ jet clustering algorithm}",
     journal   = "JHEP",
     volume    = "04",
     year      = "2008",
     pages     = "063",
     eprint    = "0802.1189",
     archivePrefix = "arXiv",
     primaryClass  =  "hep-ph",
     doi       = "10.1088/1126-6708/2008/04/063",
     SLACcitation  = "%%CITATION = 0802.1189;%%"
}

@article{Sirunyan:2017ezt,
    author = "Sirunyan, A. M. and others",
    collaboration = "CMS",
    title = "{Identification of heavy-flavour jets with the CMS detector in pp collisions at 13 TeV}",
    eprint = "1712.07158",
    archivePrefix = "arXiv",
    primaryClass = "physics.ins-det",
    reportNumber = "CMS-BTV-16-002, CERN-EP-2017-326",
    doi = "10.1088/1748-0221/13/05/P05011",
    journal = "JINST",
    volume = "13",
    number = "05",
    pages = "P05011",
    year = "2018"
}

@article{Campbell:2011bn,
      author         = "Campbell, John M. and Ellis, R. Keith and Williams,
                        Ciaran",
      title          = "{Vector boson pair production at the LHC}",
      journal        = "JHEP",
      volume         = "07",
      pages          = "018",
      doi            = "10.1007/JHEP07(2011)018",
      year           = "2011",
      eprint         = "1105.0020",
      archivePrefix  = "arXiv",
      primaryClass   = "hep-ph",
      reportNumber   = "FERMILAB-PUB-11-182-T",
      SLACcitation   = "%%CITATION = ARXIV:1105.0020;%%",
}


@article{Campbell:2013una,
      author         = "Campbell, John M. and Ellis, R. Keith and Williams,
                        Ciaran",
      title          = "{Bounding the Higgs width at the LHC using full analytic
                        results for $\mathrm{g}\mathrm{g}\to \mathrm{e^-}\mathrm{e^+} \mu^- \mu^+$}",
      journal        = "JHEP",
      volume         = "04",
      pages          = "060",
      doi            = "10.1007/JHEP04(2014)060",
      year           = "2014",
      eprint         = "1311.3589",
      archivePrefix  = "arXiv",
      primaryClass   = "hep-ph",
      reportNumber   = "FERMILAB-PUB-13-508-T",
      SLACcitation   = "%%CITATION = ARXIV:1311.3589;%%",
}

@article{Nason:2013ydw,
      author         = "Nason, Paolo and Zanderighi, Giulia",
      title          = "{$\mathrm{W}^+ \mathrm{W}^-$, WZ, and ZZ production in the
                        POWHEG-BOX-V2}",
      journal        = "Eur. Phys. J. C",
      volume         = "74",
      year           = "2014",
      pages          = "2702",
      doi            = "10.1140/epjc/s10052-013-2702-5",
      eprint         = "1311.1365",
      archivePrefix  = "arXiv",
      primaryClass   = "hep-ph",
      SLACcitation   = "%%CITATION = ARXIV:1311.1365;%%"
}

@article{MadGraph,
      author         = "Alwall, J. and Frederix, R. and Frixione, S. and Hirschi, V. and Maltoni, F. and Mattelaer, O.
                        and Shao, H.-S. and Stelzer, T. and Torrielli, P. and Zaro, M.",
      title          = "The automated computation of tree-level and next-to-leading order differential cross sections, and their matching to parton shower simulations",
      journal        = "JHEP",
      volume         = "07",
      pages          = "079",
      year           = "2014",
      doi            = "10.1007/JHEP07(2014)079",
      eprint         = "1405.0301",
      archivePrefix  = "arXiv",
      primaryClass   = "hep-ph",
}

@article{Grazzini:2016swo,
      author         = "Grazzini, Massimiliano and Kallweit, Stefan and Rathlev,
                        Dirk and Wiesemann, Marius",
      title          = "{$W^{\pm}Z$ production at hadron colliders in NNLO QCD}",
      journal        = "Phys. Lett. B",
      volume         = "761",
      year           = "2016",
      pages          = "179",
      doi            = "10.1016/j.physletb.2016.08.017",
      eprint         = "1604.08576",
      archivePrefix  = "arXiv",
      primaryClass   = "hep-ph",
      reportNumber   = "ZU-TH-15-16, MITP-16-037, NSF-KITP-16-046, DESY-16-074",
      SLACcitation   = "%%CITATION = ARXIV:1604.08576;%%"
}

@article{Frederix:2012ps,
      author         = "Frederix, Rikkert and Frixione, Stefano",
      title          = "{Merging meets matching in MC@NLO}",
      journal        = "JHEP",
      volume         = "12",
      year           = "2012",
      pages          = "061",
      doi            = "10.1007/JHEP12(2012)061",
      eprint         = "1209.6215",
      archivePrefix  = "arXiv",
      primaryClass   = "hep-ph",
      reportNumber   = "CERN-PH-TH-2012-247, ZU-TH-21-12",
      SLACcitation   = "%%CITATION = ARXIV:1209.6215;%%"
}

@article{Frixione:2007nw,
      author         = "Frixione, Stefano and Nason, Paolo and Ridolfi, Giovanni",
      title          = "{A positive-weight next-to-leading-order Monte Carlo for
                        heavy flavour hadroproduction}",
      journal        = "JHEP",
      volume         = "09",
      year           = "2007",
      pages          = "126",
      doi            = "10.1088/1126-6708/2007/09/126",
      eprint         = "0707.3088",
      archivePrefix  = "arXiv",
      primaryClass   = "hep-ph",
      reportNumber   = "BICOCCA-FT-07-12, GEF-TH-19-2007",
      SLACcitation   = "%%CITATION = ARXIV:0707.3088;%%"
}

@article{Agostinelli2003250,
     author    = "Agostinelli, S. and others",
     title     = "{GEANT4}---A simulation toolkit",
     journal   = "Nucl. Instrum. Meth. A",
     volume    = "506",
     year      = "2003",
     pages     = "250",
     doi       = "10.1016/S0168-9002(03)01368-8",
     SLACcitation  = "%%CITATION = NUIMA,A506,250;%%"
}

@article{Sjostrand:2008za,
     author  = "Sj{\"{o}}strand, Torbjorn and Mrenna, Stephen and Skands, Peter
                  Z.",
      title          = "A brief introduction to {PYTHIA} 8.1",
     journal   = "Comput. Phys. Commun.",
     volume    = "178",
     year      = "2008",
     pages     = "852",
     eprint    = "hep-ph/0710.3820",
     archivePrefix = "arXiv",
     doi       = "10.1016/j.cpc.2008.01.036",
     SLACcitation  = "%%CITATION = HEP-PH/07103820;%%"
}

@article{MCFM,
     author    = "Campbell, John M. and Ellis, R. K.",
     title     = "{MCFM for the Tevatron and the LHC}",
     journal   = "Nucl. Phys. Proc. Suppl.",
     volume    = "205",
     year      = "2010",
     pages     = "10",
     eprint    = "1007.3492",
     archivePrefix = "arXiv",
     primaryClass  =  "hep-ph",
     doi       = "10.1016/j.nuclphysbps.2010.08.011",
     SLACcitation  = "%%CITATION = 1007.3492;%%"
}

@article{prune,
      author         = "Ellis, Stephen D. and Vermilion, Christopher K. and Walsh, Jonathan R.",
      title          = "Recombination Algorithms and Jet Substructure: Pruning as a Tool for Heavy Particle Searches",
      journal        = "Phys. Rev. D",
      volume         = "81",
      pages          = "094023",
      doi            = "10.1103/PhysRevD.81.094023",
      year           = "2010",
      eprint    = "hep-ph/0912.0033",
      archivePrefix = "arXiv",
      SLACcitation  = "%%CITATION = HEP-PH/0912.0033;%%"
}

@article{substructure,
      author         = "Butterworth, Jonathan M. and Davison, Adam R. and Rubin, Mathieu and Salam, Gavin P.",
      title          = "{Jet substructure as a new Higgs search channel at the LHC}",
      journal        = "Phys. Rev. Lett.",
      volume         = "100",
      pages          = "242001",
      doi            = "10.1103/PhysRevLett.100.242001",
      year           = "2008",
      eprint    = "hep-ph/0802.2470",
      archivePrefix = "arXiv",
      SLACcitation  = "%%CITATION = HEP-PH/0802.2470;%%"
}

@article{subjettiness,
  author        = {Butterworth, Jonathan M. and Davison, Adam R. and Rubin, Mathieu and Salam, Gavin P.},
  title         = {Maximizing Boosted Top Identification by Minimizing {N}-subjettiness},
  journal       = {JHEP},
  volume        = {02},
  pages         = {093},
  doi           = {10.1007/JHEP02(2012)093},
  year          = {2012},
  eprint        = {hep-ph/1108.2701},
  archiveprefix = {arXiv},
  slaccitation  = {%%CITATION = HEP-PH/1108.2701;%%}
}

@Article{Grazzini2015407,
      title = "{ZZ production at the LHC: Fiducial cross sections and distributions in NNLO QCD}",
      journal = "Phys. Lett. B ",
      volume = "750",
       pages = "407",
      year = "2015",
      issn = "0370-2693",
      doi = "10.1016/j.physletb.2015.09.055",
      eprint = "1507.06257",
      archivePrefix  = "arXiv",
      primaryClass   = "hep-ph",
      author = "Massimiliano Grazzini and Stefan Kallweit and Dirk Rathlev"
}

@article{Gieseke:2014gka,
  author        = {Gieseke, Stefan and Kasprzik, Tobias and Kuehn, Johann
                   H.},
  title         = {{Vector-boson pair production and electroweak corrections
                   in HERWIG++}},
  journal       = {Eur. Phys. J. C},
  volume        = {74},
  year          = {2014},
  pages         = {2988},
  doi           = {10.1140/epjc/s10052-014-2988-y},
  eprint        = {1401.3964},
  archiveprefix = {arXiv},
  primaryclass  = {hep-ph},
  slaccitation  = {%%CITATION = ARXIV:1401.3964;%%}
}

@article{Manohar:2016nzj,
  author        = {Manohar, Aneesh and Nason, Paolo and Salam, Gavin P. and
                   Zanderighi, Giulia},
  title         = {{How bright is the proton? A precise determination of the
                   photon parton distribution function}},
  journal       = {Phys. Rev. Lett.},
  volume        = {117},
  year          = {2016},
  pages         = {242002},
  doi           = {10.1103/PhysRevLett.117.242002},
  eprint        = {1607.04266},
  archiveprefix = {arXiv},
  primaryclass  = {hep-ph},
  reportnumber  = {CERN-TH-2016-155},
  slaccitation  = {%%CITATION = ARXIV:1607.04266;%%}
}

@article{Baglio:2013toa,
  author        = {Baglio, Julien and Ninh, Le Duc and Weber, Marcus M.},
  title         = {{Massive gauge boson pair production at the LHC: a next-to-leading order story}},
  eprint        = {1307.4331},
  archiveprefix = {arXiv},
  primaryclass  = {hep-ph},
  reportnumber  = {KA-TP-18-2013, SFB-CPP-13-47},
  doi           = {10.1103/PhysRevD.94.099902},
  journal       = {Phys. Rev. D},
  volume        = {88},
  pages         = {113005},
  year          = {2013},
  note          = {[Erratum: Phys.Rev.D 94, 099902 (2016)]}
}

@article{Frixione:2015zaa,
  author        = {Frixione, S. and Hirschi, V. and Pagani, D. and Shao, H.
                   -S. and Zaro, M.},
  title         = {{Electroweak and QCD corrections to top-pair
                   hadroproduction in association with heavy bosons}},
  journal       = {JHEP},
  volume        = {06},
  year          = {2015},
  pages         = {184},
  doi           = {10.1007/JHEP06(2015)184},
  eprint        = {1504.03446},
  archiveprefix = {arXiv},
  primaryclass  = {hep-ph},
  reportnumber  = {CERN-PH-TH-2015-083, CP3-15-10, LPN15-022,
                   SLAC-PUB-16253},
  slaccitation  = {%%CITATION = ARXIV:1504.03446;%%}
}

@article{Frixione:2014qaa,
  author        = {Frixione, S. and Hirschi, V. and Pagani, D. and Shao, H.
                   S. and Zaro, M.},
  title         = {{Weak corrections to Higgs hadroproduction in association
                   with a top-quark pair}},
  journal       = {JHEP},
  volume        = {09},
  year          = {2014},
  pages         = {065},
  doi           = {10.1007/JHEP09(2014)065},
  eprint        = {1407.0823},
  archiveprefix = {arXiv},
  primaryclass  = {hep-ph},
  reportnumber  = {CERN-PH-TH-2014-123, CP3-14-49},
  slaccitation  = {%%CITATION = ARXIV:1407.0823;%%}
}

@article{Bahr:2008pv,
  author        = {B{\"a}hr, Manuel and Gieseke, Stefan and Gigg, Martyn A. and Grellscheid,
                   David and Hamilton, Keith and Latunde-Dada, Oluseyi and Pl{\"a}tzer, Simon and Richardson, Peter
                   and Seymour, Michael H. and Sherstnev, Alexander and Webber, Bryan R.},
  title         = {Herwig++ physics and manual},
  journal       = {Eur. Phys. J. C},
  volume        = {58},
  year          = {2008},
  pages         = {639},
  doi           = {10.1140/epjc/s10052-008-0798-9},
  eprint        = {0803.0883},
  archiveprefix = {arXiv},
  primaryclass  = {hep-ph},
  reportnumber  = {CERN-PH-TH-2008-038, CAVENDISH-HEP-08-03, KA-TP-05-2008,
                   DCPT-08-22, IPPP-08-11, CP3-08-05},
  slaccitation  = {%%CITATION = ARXIV:0803.0883;%%}
}

@article{CUETP8M1,
  author        = {Khachatryan, Vardan and others},
  collaboration = {CMS},
  title         = {Event generator tunes obtained from underlying event and multiparton scattering measurements},
  journal       = {Eur. Phys. J. C},
  volume        = {76},
  year          = {2016},
  pages         = {155},
  eprint        = {hep-ph/1512.00815 },
  archiveprefix = {arXiv},
  doi           = {10.1140/epjc/s10052-016-3988-x},
  slaccitation  = {%%CITATION = HEP-PH/151200815;%%}
}

@article{Sirunyan:2017exp,
  author        = {Sirunyan, Albert M and others},
  title         = {{Measurements of properties of the Higgs boson decaying
                   into the four-lepton final state in pp collisions at
                   $\sqrt{s}=13$ TeV}},
  collaboration = {CMS},
  journal       = {JHEP},
  volume        = {11},
  year          = {2017},
  pages         = {047},
  doi           = {10.1007/JHEP11(2017)047},
  eprint        = {1706.09936},
  archiveprefix = {arXiv},
  primaryclass  = {hep-ex},
  reportnumber  = {CMS-HIG-16-041, CERN-EP-2017-123},
  slaccitation  = {%%CITATION = ARXIV:1706.09936;%%}
}

@article{Fruhwirth:1987fm,
  author       = {Fr{\"{u}}hwirth, R.},
  title        = {{Application of Kalman filtering to track and vertex
                  fitting}},
  journal      = {Nucl. Instrum. Meth. A},
  volume       = {262},
  year         = {1987},
  pages        = {444},
  doi          = {10.1016/0168-9002(87)90887-4},
  slaccitation = {%%CITATION = NUIMA,A262,444;%%}
}

@article{CMS:2011aa,
  author        = {Chatrchyan, S. and others},
  collaboration = {CMS},
  title         = {Measurement of the Inclusive {W} and {Z} Production Cross
                   Sections in pp Collisions at $\sqrt{s} = 7 {\TeV}$},
  journal       = {JHEP},
  volume        = {10},
  pages         = {132},
  doi           = {10.1007/JHEP10(2011)132},
  year          = {2011},
  eprint        = {1107.4789},
  archiveprefix = {arXiv},
  slaccitation  = {%%CITATION = ARXIV:1107.4789;%%}
}

@article{Junk:1999kv,
  author        = {Junk, Thomas},
  title         = {{Confidence level computation for combining searches with
                   small statistics}},
  journal       = {Nucl. Instrum. Meth. A},
  volume        = {434},
  pages         = {435},
  doi           = {10.1016/S0168-9002(99)00498-2},
  year          = {1999},
  eprint        = {hep-ex/9902006},
  archiveprefix = {arXiv},
  primaryclass  = {hep-ex},
  reportnumber  = {CARLETON-OPAL-PHYS-99-01, CERN-EP-99-041},
  slaccitation  = {%%CITATION = HEP-EX/9902006;%%}
}

@article{Read:2002hq,
  author       = {Read, Alexander L.},
  title        = {{Presentation of search results: The CL$_\mathrm{s}$ technique}},
  booktitle    = {{Advanced Statistical Techniques in Particle Physics.
                  Proceedings, Conference, Durham, UK, March 18-22, 2002}},
  journal      = {J. Phys. G},
  volume       = {28},
  year         = {2002},
  pages        = {2693},
  doi          = {10.1088/0954-3899/28/10/313},
  slaccitation = {%%CITATION = JPAGA,G28,2693;%%}
}

@article{Cowan2011,
  author        = {Cowan, Glen and Cranmer, Kyle and Gross, Eilam and
                   Vitells, Ofer},
  title         = {Asymptotic formulae for likelihood-based tests of new
                   physics},
  journal       = {Eur. Phys. J. C},
  volume        = {71},
  year          = {2011},
  pages         = {1554},
  doi           = {10.1140/epjc/s10052-011-1554-0},
  note          = {[Erratum: \DOI{10.1140/epjc/s10052-013-2501-z}]},
  eprint        = {1007.1727},
  archiveprefix = {arXiv},
  primaryclass  = {physics.data-an},
  slaccitation  = {%%CITATION = ARXIV:1007.1727;%%}
}

@article{Chatrchyan:2012jua,
  author        = {Chatrchyan, Serguei and others},
  title         = {Identification of b-quark jets with the {CMS} experiment},
  collaboration = {CMS},
  journal       = {JINST},
  volume        = {8},
  year          = {2013},
  pages         = {P04013},
  doi           = {10.1088/1748-0221/8/04/P04013},
  eprint        = {1211.4462},
  archiveprefix = {arXiv},
  primaryclass  = {hep-ex},
  reportnumber  = {CMS-BTV-12-001, CERN-PH-EP-2012-262},
  slaccitation  = {%%CITATION = ARXIV:1211.4462;%%}
}

@techreport{CMS-PAS-BTV-15-001,
  title         = {Identification of b quark jets at the {CMS} Experiment in
                   the {LHC Run} 2},
  institution   = {CERN},
  collaboration = {CMS},
  address       = {Geneva},
  number        = {CMS-PAS-BTV-15-001},
  year          = {2016},
  reportnumber  = {CMS-PAS-BTV-15-001},
  url           = {https://cds.cern.ch/record/2138504}
}

 @article{Cacciari:2007fd,
  author        = {Cacciari, Matteo and Salam, Gavin P.},
  title         = {{Pileup subtraction using jet areas}},
  journal       = {Phys. Lett. B},
  volume        = {659},
  year          = {2008},
  pages         = {119},
  eprint        = {0707.1378},
  archiveprefix = {arXiv},
  primaryclass  = {hep-ph},
  doi           = {10.1016/j.physletb.2007.09.077},
  slaccitation  = {%%CITATION = 0707.1378;%%}
}

@article{Cacciari:2008gn,
  author        = {Cacciari, Matteo and Salam, Gavin P. and Soyez, Gregory},
  title         = {The Catchment Area of Jets},
  journal       = {JHEP},
  volume        = {04},
  year          = {2008},
  pages         = {005},
  eprint        = {0802.1188},
  archiveprefix = {arXiv},
  primaryclass  = {hep-ph},
  doi           = {10.1088/1126-6708/2008/04/005},
  slaccitation  = {%%CITATION = 0802.1188;%%}
}

@article{Cacciari:2011ma,
  author        = {Cacciari, Matteo and Salam, Gavin P. and Soyez, Gregory},
  title         = {{FastJet user manual}},
  journal       = {Eur. Phys. J. C},
  volume        = {72},
  pages         = {1896},
  doi           = {10.1140/epjc/s10052-012-1896-2},
  year          = {2012},
  eprint        = {1111.6097},
  archiveprefix = {arXiv},
  primaryclass  = {hep-ph},
  reportnumber  = {CERN-PH-TH-2011-297},
  slaccitation  = {%%CITATION = ARXIV:1111.6097;%%}
}

@article{Gao:2010qx,
  author        = {Gao, Yanyan and Gritsan, Andrei V. and Guo, Zijin and
                   Melnikov, Kirill and Schulze, Markus and Tran, Nhan V.},
  title         = {{Spin determination of single-produced resonances at
                   hadron colliders}},
  journal       = {Phys. Rev. D},
  volume        = {81},
  pages         = {075022},
  doi           = {10.1103/PhysRevD.81.075022},
  year          = {2010},
  eprint        = {1001.3396},
  archiveprefix = {arXiv},
  primaryclass  = {hep-ph},
  reportnumber  = {FERMILAB-PUB-10-011-E},
  slaccitation  = {%%CITATION = ARXIV:1001.3396;%%}
}

@article{Anderson:2013afp,
  author        = {Anderson, Ian and Bolognesi, Sara and Caola, Fabrizio and
                   Gao, Yanyan and Gritsan, Andrei V. and Martin, Christopher B. and
                   Melnikov, Kirill and Schulze, Markus and Tran, Nhan V. and Whitbeck, Andrew
                   and Zhou, Yaofu},
  title         = {{Constraining anomalous HVV interactions at proton and
                   lepton colliders}},
  journal       = {Phys. Rev. D},
  volume        = {89},
  pages         = {035007},
  doi           = {10.1103/PhysRevD.89.035007},
  year          = {2014},
  eprint        = {1309.4819},
  archiveprefix = {arXiv},
  primaryclass  = {hep-ph},
  reportnumber  = {FERMILAB-PUB-13-386-PPD},
  slaccitation  = {%%CITATION = ARXIV:1309.4819;%%}
}
